<record><leader>00000cas a2200000 a 4500</leader><controlfield tag="001">30330429</controlfield><controlfield tag="008">940426d18uu1uuuiluwr ne      0   a0eng c</controlfield><datafield ind1=" " ind2=" " tag="010"><subfield code="a">sn 94054251 </subfield></datafield><datafield ind1=" " ind2=" " tag="040"><subfield code="a">NVF</subfield><subfield code="b">eng</subfield><subfield code="c">NVF</subfield><subfield code="d">OCL</subfield><subfield code="d">NVF</subfield><subfield code="d">OCLCF</subfield><subfield code="d">OCLCO</subfield><subfield code="d">NVF</subfield></datafield><datafield ind1=" " ind2=" " tag="042"><subfield code="a">pcc</subfield></datafield><datafield ind1=" " ind2=" " tag="043"><subfield code="a">n-us-il</subfield></datafield><datafield ind1="0" ind2="4" tag="245"><subfield code="a">The Park Ridge herald.</subfield></datafield><datafield ind1=" " ind2=" " tag="260"><subfield code="a">Park Ridge, Cook County, Ill. :</subfield><subfield code="b">W.E. Blaikie</subfield></datafield><datafield ind1=" " ind2=" " tag="300"><subfield code="a">v.</subfield></datafield><datafield ind1=" " ind2=" " tag="310"><subfield code="a">Weekly</subfield></datafield><datafield ind1=" " ind2=" " tag="588"><subfield code="a">Description based on: Vol. 7, no. 6 (June 10, 1892).</subfield></datafield><datafield ind1=" " ind2=" " tag="588"><subfield code="a">Latest issue consulted: Nov. 18, 1893.</subfield></datafield><datafield ind1=" " ind2="0" tag="651"><subfield code="a">Park Ridge (Ill.)</subfield><subfield code="v">Newspapers.</subfield></datafield><datafield ind1=" " ind2="7" tag="651"><subfield code="a">Illinois</subfield><subfield code="z">Park Ridge.</subfield><subfield code="2">fast</subfield><subfield code="0">(OCoLC)fst01232339</subfield></datafield><datafield ind1=" " ind2="7" tag="655"><subfield code="a">Newspapers.</subfield><subfield code="2">fast</subfield><subfield code="0">(OCoLC)fst01423814</subfield></datafield><datafield ind1=" " ind2=" " tag="752"><subfield code="a">United States</subfield><subfield code="b">Illinois</subfield><subfield code="c">Cook County</subfield><subfield code="d">Park Ridge.</subfield></datafield><datafield ind1="0" ind2="0" tag="785"><subfield code="t">Park Ridge edition of the Times herald</subfield><subfield code="w">(DLC)sn 87001473</subfield><subfield code="w">(OCoLC)16401826</subfield></datafield></record>